@Manual{R-bookdown,
  title = {bookdown: Authoring Books and Technical Documents with R Markdown},
  author = {Yihui Xie},
  year = {2018},
  note = {R package version 0.6},
  url = {https://CRAN.R-project.org/package=bookdown},
}
@Manual{R-knitr,
  title = {knitr: A General-Purpose Package for Dynamic Report Generation in R},
  author = {Yihui Xie},
  year = {2018},
  note = {R package version 1.19},
  url = {https://CRAN.R-project.org/package=knitr},
}
@Manual{R-rmarkdown,
  title = {rmarkdown: Dynamic Documents for R},
  author = {JJ Allaire and Yihui Xie and Jonathan McPherson and Javier Luraschi and Kevin Ushey and Aron Atkins and Hadley Wickham and Joe Cheng and Winston Chang},
  year = {2017},
  note = {R package version 1.8},
  url = {https://CRAN.R-project.org/package=rmarkdown},
}
@Manual{R-spatstat,
  title = {spatstat: Spatial Point Pattern Analysis, Model-Fitting, Simulation, Tests},
  author = {Adrian Baddeley and Rolf Turner and Ege Rubak and with substantial contributions of code by Kasper Klitgaard Berthelsen; Ottmar Cronie; Yongtao Guan; Ute Hahn; Abdollah Jalilian; Marie-Colette van Lieshout; Greg McSwiggan; Tuomas Rajala; Suman Rakshit; Dominic Schuhmacher; Rasmus Waagepetersen; and Hangsheng Wang. Additional contributions by M. Adepeju; C. Anderson; Q.W. Ang; M. Austenfeld; S. Azaele; M. Baddeley; C. Beale; M. Bell; R. Bernhardt; T. Bendtsen; A. Bevan; B. Biggerstaff; A. Bilgrau; L. Bischof; C. Biscio; R. Bivand; J.M. Blanco Moreno; F. Bonneu; J. Burgos; S. Byers; Y.M. Chang; J.B. Chen; I. Chernayavsky; Y.C. Chin; B. Christensen; J.-F. Coeurjolly; K. Colyvas; R. Constantine; R. Corria Ainslie; R. Cotton; M. de la Cruz; P. Dalgaard; M. D'Antuono; S. Das; T. Davies; P.J. Diggle; P. Donnelly; I. Dryden; S. Eglen; A. El-Gabbas; B. Fandohan; O. Flores; E.D. Ford; P. Forbes; S. Frank; J. Franklin; N. Funwi-Gabga; O. Garcia; A. Gault; J. Geldmann; M. Genton; S. Ghalandarayeshi; J. Gilbey; J. Goldstick; P. Grabarnik; C. Graf; U. Hahn; A. Hardegen; M.B. Hansen; M. Hazelton; J. Heikkinen; M. Hering; M. Herrmann; P. Hewson; K. Hingee; K. Hornik; P. Hunziker; J. Hywood; R. Ihaka; C. Icos; A. Jammalamadaka; R. John-Chandran; D. Johnson; M. Khanmohammadi; R. Klaver; P. Kovesi; L. Kozmian-Ledward; M. Kuhn; J. Laake; F. Lavancier; T. Lawrence; R.A. Lamb; J. Lee; G.P. Leser; H.T. Li; G. Limitsios; A. Lister; B. Madin; M. Maechler; J. Marcus; K. Marchikanti; R. Mark; J. Mateu; P. McCullagh; U. Mehlig; F. Mestre; S. Meyer; X.C. Mi; L. De Middeleer; R.K. Milne; E. Miranda; J. Moller; M. Moradi; V. Morera Pujol; E. Mudrak; G.M. Nair; N. Najari; N. Nava; L.S. Nielsen; F. Nunes; J.R. Nyengaard; J. Oehlschlaegel; T. Onkelinx; S. O'Riordan; E. Parilov; J. Picka; N. Picard; M. Porter; S. Protsiv; A. Raftery; S. Rakshit; B. Ramage; P. Ramon; X. Raynaud; N. Read; M. Reiter; I. Renner; T.O. Richardson; B.D. Ripley; E. Rosenbaum; B. Rowlingson; J. Rudokas; J. Rudge; C. Ryan; F. Safavimanesh; A. Sarkka; C. Schank; K. Schladitz; S. Schutte; B.T. Scott; O. Semboli; F. Semecurbe; V. Shcherbakov; G.C. Shen; P. Shi; H.-J. Ship; T.L. Silva; I.-M. Sintorn; Y. Song; M. Spiess; M. Stevenson; K. Stucki; M. Sumner; P. Surovy; B. Taylor; T. Thorarinsdottir; L. Torres; B. Turlach; T. Tvedebrink; K. Ummer; M. Uppala; A. van Burgel; T. Verbeke; M. Vihtakari; A. Villers; F. Vinatier; S. Voss; S. Wagner; H. Wang; H. Wendrock; J. Wild; C. Witthoft; S. Wong; M. Woringer; M.E. Zamboni and A. Zeileis.},
  year = {2018},
  note = {R package version 1.55-0},
  url = {https://CRAN.R-project.org/package=spatstat},
}
